@book{booch_1991, place={Redwood City, Calif.}, title={Object oriented design with applications}, ISBN={9780805300918}, publisher={Benjamin/Cummings Pub. Co.}, author={Booch, Grady.}, year={1991}}