

@misc{hunka, 
title={Rozhovor s Jiřím Hunkou, nar. 12.5.1985, provozovatel eshopů.}, 
year={2016}, month={28-11-2016}
}

@misc{XPath, 
title={Extensible Markup Language (XML) 1.0 (Fifth Edition)}, 
url={https://www.w3.org/TR/2008/REC-xml-20081126/\#sec-intro}, 
publisher={W3C}, 
year={2008}
}

@misc{XML, 
title={Virginia Tech - College of engineering: Department of computer science}, 
url={http://courses.cs.vt.edu/~cs1204/XML/htmlVxml.html}, 
journal={HTML versus XML}, 
publisher={Saverio Perugini Computer Science Dept : VA TECH}, 
year={2002}, 
pages={1}
}

@misc{HTML, 
title={HTML5: A vocabulary and associated APIs for HTML and XHTML}, 
url={https://www.w3.org/TR/html5/introduction.html\#html-vs-xhtml}, 
publisher={W3C},
year={2014}
}

@misc{CSS, 
title={Cascading Style Sheets Level 2 Revision 1 (CSS 2.1) Specification}, 
url={https://www.w3.org/TR/CSS21/selector.html\#q5.0}, 
publisher={W3C},
year={2011}
}




@misc{heureka, 
title={Heuréka}, 
url={http://www.heureka.cz}
}
@misc{zbozi, 
title={Zboží}, 
url={http://www.zbozi.cz}
}
@misc{ScreenScraper, 
title={Screen scraper}, 
url={http://www.screen-scraper.com}
}
@misc{WebExtractor, 
title={Web extractor}, 
url={http://www.webextractor.com}
}
@misc{WebScraper, 
title={Web scraper}, 
url={http://www.webscraper.io}
}

@misc{DB, 
title={The Java™ Tutorials},
subtitle={A Relational Database Overvie},
url={https://docs.oracle.com/javase/tutorial/jdbc/overview/database}, 
publisher={Oracle},
year={2015}
}





@article{JSON, 
title={Standard - ECMA - 404: The JSON Data Interchange Format}, 
url={http://www.ecma-international.org/publications/files/ECMA-ST/ECMA-404.pdf}, 
publisher={Ecme international}, 
year={2013}, 
pages={1-14}
}
	
@misc{JSON-impl, 
title={Introducing JSON},
url={http://www.json.org/}
}

@book{mock, 
place={Boston}, 
title={Test-driven development: by example}, 
ISBN={0321146530}, 
publisher={Addison-Wesley}, 
author={Beck, Kent.}, year={c2003}
}

@misc{exception, 
title={The Java™ Tutorials: Exceptions}, 
url={https://docs.oracle.com/javase/tutorial/essential/exceptions/definition.html}, 
publisher={Oracle}, 
year={2015}
}

@misc{optional, 
title={Java™ PlatformStandard Ed. 8}, 
subtitle={java.util.Optional<T>},
url={https://docs.oracle.com/javase/8/docs/api/java/util/Optional.html}, 
publisher={Oracle}, 
year={2016}
}

@misc{nullPointerException, 
title={Java™ PlatformStandard Ed. 8}, 
subtitle={java.lang.NullPointerException},
url={https://docs.oracle.com/javase/7/docs/api/java/lang/NullPointerException.html}, 
publisher={Oracle}, 
year={2016}
}

@book{encapsulation, 
place={San Francisco, CA}, 
edition={2nd ed.}, 
title={Programming language pragmatics}, 
ISBN={0126339511}, publisher={Morgan Kaufmann Pub.}, 
author={Scott, Michael Lee}, year={c2006}
}

@book{refaktoring, 
place={Praha}, 
series={Moderní programování}, 
title={Refaktoring: zlepšení existujícího kódu}, 
ISBN={8024702991}, publisher={Grada}, 
author={Fowler, Martin}, year={2003}, 
collection={Moderní programování}
}

@misc{dataDog, 
title={DataDog Docs}, 
subtitle={Getting Started with the Agent },
url={https://docs.datadoghq.com/guides/basic_agent_usage/}, 
publisher={Datadog, Inc.}, 
year={2017}
}