\bibitem{XPath}
	{Extensible Markup Language (XML) 1.0 (Fifth Edition) [online]. 2008 [cit. 2017-04-10]. 
	Dostupné z:
	\url{ https://www.w3.org/TR/2008/REC-xml-20081126/#sec-intro/}
	}
\bibitem{XML}
	{PERUGINI, Saverio. HTML versus XML. 
	In: Virginia Tech - College of engineering: Department of computer science [online]. 
	Virginia Tech: Virginia Tech, 2002 [cit. 2017-04-01]. Dostupné z: 
	\url{http://courses.cs.vt.edu/~cs1204/XML/htmlVxml.html}
	}
\bibitem{HTML}
	{
	HTML5: A vocabulary and associated APIs for HTML and XHTML [online]. 2014 [cit. 2017-04-10]. 
	Dostupné z: 
	\url{https://www.w3.org/TR/html5/introduction.html#html-vs-xhtml}
	}
\bibitem{CSS}
	{Cascading Style Sheets Level 2 Revision 1 (CSS 2.1) 
	Specification [online]. 2011 [cit. 2017-04-10]. 
	Dostupné z:
	\url{https://www.w3.org/TR/CSS21/selector.html#q5.0/}}	
\bibitem{heureka}
	{Heuréka [online]. [cit. 2017-04-01]. Dostupné z:
	\url{http://www.heureka.cz/}}
\bibitem{zbozi}
	{Zboží [online]. [cit. 2017-04-01]. Dostupné z:
	\url{http://www.zbozi.cz/}}	

	
\bibitem{Screen scraper}
	{Screen scraper [online]. [cit. 2017-04-01]. Dostupné z:
	\url{http://www.screen-scraper.com/}}	
\bibitem{Web extractor}
	{Web extractor [online]. [cit. 2017-04-01]. Dostupné z:
	\url{http://www.webextractor.com/}}		
\bibitem{Web scraper}
	{Web Scraper [online]. [cit. 2017-04-01]. Dostupné z:
	\url{http://http://webscraper.io/}}		
	
\bibitem{DB}
	{
	A Relational Database Overview [online]. = [cit. 2017-04-10]. 
	Dostupné z: 
	\url{https://docs.oracle.com/javase/tutorial/jdbc/overview/database.html}
	}